 @misc{ITUgrayscale,
   title = {Parameter values for the \emph{HDTV} standards for production and international programme exchange},
   author = {ITU},
   year = {2015},
   url = {https://www.itu.int/dms_pubrec/itu-r/rec/bt/R-REC-BT.709-6-201506-I!!PDF-E.pdf},
   note = {Pristupano: 15.01.2017}
 }